@article{rw2,
author = {Lindgren, Finn and Rue, Håvard},
title = {On the Second-Order Random Walk Model for Irregular Locations},
journal = {Scandinavian Journal of Statistics},
volume = {35},
number = {4},
pages = {691-700},
keywords = {Galerkin approximation, integrated Wiener process, intrinsic Gaussian Markov random fields, numerical methods for sparse matrices, second-order random walk},
year = {2008}
}


@article{bayesianPsplines,
author = {Stefan Lang and Andreas Brezger},
title = {Bayesian P-Splines},
journal = {Journal of Computational and Graphical Statistics},
volume = {13},
number = {1},
pages = {183-212},
year  = {2004},
publisher = {Taylor & Francis}
}


@article{wahba,
 ISSN = {00359246},
 author = {Grace Wahba},
 journal = {Journal of the Royal Statistical Society. Series B (Methodological)},
 number = {3},
 pages = {364--372},
 publisher = {[Royal Statistical Society, Wiley]},
 title = {Improper Priors, Spline Smoothing and the Problem of Guarding Against Model Errors in Regression},
 volume = {40},
 year = {1978}
}


@article{inla,
author = {Rue, Håvard and Martino, Sara and Chopin, Nicolas},
title = {Approximate Bayesian inference for latent Gaussian models by using integrated nested Laplace approximations},
journal = {Journal of the Royal Statistical Society: Series B (Statistical Methodology)},
volume = {71},
number = {2},
pages = {319-392},
year = {2009}
}

@article{ARIMA,
title = "Nonparametric smoothing using state space techniques",
author = "Brown, {Patrick E.} and {De Jong}, Piet",
year = "2001",
month = mar,
language = "English",
volume = "29",
pages = "37--50",
journal = "Canadian Journal of Statistics",
issn = "0319-5724",
publisher = "Statistical Society of Canada",
number = "1",
}


