@article{lindgren2008second,
  title={On the second-order random walk model for irregular locations},
  author={Lindgren, Finn and Rue, H{\aa}vard},
  journal={Scandinavian journal of statistics},
  volume={35},
  number={4},
  pages={691--700},
  year={2008},
  publisher={Wiley Online Library}
}

@article{wahba1978improper,
  title={Improper priors, spline smoothing and the problem of guarding against model errors in regression},
  author={Wahba, Grace},
  journal={Journal of the Royal Statistical Society: Series B (Methodological)},
  volume={40},
  number={3},
  pages={364--372},
  year={1978},
  publisher={Wiley Online Library}
}

@article{brown2001nonparametric,
  title={Nonparametric smoothing using state space techniques},
  author={Brown, Patrick E and De Jong, Piet},
  journal={Canadian Journal of Statistics},
  volume={29},
  number={1},
  pages={37--50},
  year={2001},
  publisher={Wiley Online Library}
}

@article{rue2009approximate,
  title={Approximate Bayesian inference for latent Gaussian models by using integrated nested Laplace approximations},
  author={Rue, H{\aa}vard and Martino, Sara and Chopin, Nicolas},
  journal={Journal of the royal statistical society: Series b (statistical methodology)},
  volume={71},
  number={2},
  pages={319--392},
  year={2009},
  publisher={Wiley Online Library}
}

@article{simpson2017penalising,
  title={Penalising model component complexity: A principled, practical approach to constructing priors},
  author={Simpson, Daniel and Rue, H{\aa}vard and Riebler, Andrea and Martins, Thiago G and S{\o}rbye, Sigrunn H},
  journal={Statistical science},
  volume={32},
  number={1},
  pages={1--28},
  year={2017},
  publisher={Institute of Mathematical Statistics}
}