@article{rw2,
author = {Lindgren, Finn and Rue, Håvard},
title = {On the Second-Order Random Walk Model for Irregular Locations},
journal = {Scandinavian Journal of Statistics},
volume = {35},
number = {4},
pages = {691-700},
keywords = {Galerkin approximation, integrated Wiener process, intrinsic Gaussian Markov random fields, numerical methods for sparse matrices, second-order random walk},
year = {2008}
}


@article{bayesianPsplines,
author = {Stefan Lang and Andreas Brezger},
title = {Bayesian P-Splines},
journal = {Journal of Computational and Graphical Statistics},
volume = {13},
number = {1},
pages = {183-212},
year  = {2004},
publisher = {Taylor & Francis}
}


@article{wahba,
 ISSN = {00359246},
 author = {Grace Wahba},
 journal = {Journal of the Royal Statistical Society. Series B (Methodological)},
 number = {3},
 pages = {364--372},
 publisher = {[Royal Statistical Society, Wiley]},
 title = {Improper Priors, Spline Smoothing and the Problem of Guarding Against Model Errors in Regression},
 volume = {40},
 year = {1978}
}


@article{inla,
author = {Rue, Håvard and Martino, Sara and Chopin, Nicolas},
title = {Approximate Bayesian inference for latent Gaussian models by using integrated nested Laplace approximations},
journal = {Journal of the Royal Statistical Society: Series B (Statistical Methodology)},
volume = {71},
number = {2},
pages = {319-392},
year = {2009}
}

@article{ARIMA,
title = "Nonparametric smoothing using state space techniques",
author = "Brown, {Patrick E.} and {De Jong}, Piet",
year = "2001",
month = mar,
language = "English",
volume = "29",
pages = "37--50",
journal = "Canadian Journal of Statistics",
issn = "0319-5724",
publisher = "Statistical Society of Canada",
number = "1",
}



@book{smoothingspline,
  title={Nonparametric regression and generalized linear models: a roughness penalty approach},
  author={Green, Peter J and Silverman, Bernard W},
  year={2019},
  publisher={Chapman and Hall/CRC}
}



@article{dimatteo2001bayesian,
  title={Bayesian curve-fitting with free-knot splines},
  author={DiMatteo, Ilaria and Genovese, Christopher R and Kass, Robert E},
  journal={Biometrika},
  volume={88},
  number={4},
  pages={1055--1071},
  year={2001},
  publisher={Oxford University Press}
}

@book{rue2005gaussian,
  title={Gaussian Markov random fields: theory and applications},
  author={Rue, Havard and Held, Leonhard},
  year={2005},
  publisher={CRC press}
}

@misc{aghq,
      title={Implementing Approximate Bayesian Inference using Adaptive Quadrature: the aghq Package}, 
      author={Alex Stringer},
      year={2021},
      eprint={2101.04468},
      archivePrefix={arXiv},
      primaryClass={stat.CO}
}

@misc{noeps,
      title={Fast, Scalable Approximations to Posterior Distributions in Extended Latent Gaussian Models}, 
      author={Alex Stringer and Patrick Brown and Jamie Stafford},
      year={2021},
      eprint={2103.07425},
      archivePrefix={arXiv},
      primaryClass={stat.ME}
}

@article{tierney1986accurate,
  title={Accurate approximations for posterior moments and marginal densities},
  author={Tierney, Luke and Kadane, Joseph B},
  journal={Journal of the american statistical association},
  volume={81},
  number={393},
  pages={82--86},
  year={1986},
  publisher={Taylor \& Francis}
}

@article{wood2011fast,
  title={Fast stable restricted maximum likelihood and marginal likelihood estimation of semiparametric generalized linear models},
  author={Wood, Simon N},
  journal={Journal of the Royal Statistical Society: Series B (Statistical Methodology)},
  volume={73},
  number={1},
  pages={3--36},
  year={2011},
  publisher={Wiley Online Library}
}

@article{simpson2017penalising,
  title={Penalising model component complexity: A principled, practical approach to constructing priors},
  author={Simpson, Daniel and Rue, H{\aa}vard and Riebler, Andrea and Martins, Thiago G and S{\o}rbye, Sigrunn H},
  journal={Statistical science},
  volume={32},
  number={1},
  pages={1--28},
  year={2017},
  publisher={Institute of Mathematical Statistics}
}